%Achtung: neue Einträge am Schluss des Files
%File darf nicht mit einem Bib-Text-Editor geöffnet werden
%Einträge dürfen nicht verschoben werden!

@STRING(str-trenner = " -- ")
@STRING(str-online = "Online; Stand ")

@STRING(pub-wiki = "{W}ikipedia")
@STRING(pub-nyt = "{NYT}imes.com")
@STRING(pub-spiegelonline = "{SPIEGEL}.{O}nline")


@misc{wiki:AMA,
   author = {{American Psychological Association}},
   title = {{A}merican {P}sychological {A}ssociation} # str-trenner # pub-wiki,
   year = {2011},
   url = {http://de.wikipedia.org/wiki/American_Psychological_Association},
   note = str-online # {24. Mai 2011}
 }

@misc{Dowd2011,
   author = {Maureen Dowd},
   title = {Powerful and Primitive -- NYTimes.com},
   year = {2011},
   url = {http://www.nytimes.com/2011/05/18/opinion/18dowd.html},
   note = {[Online; 24. Mai 2011]}
}

@misc{ wiki:sigmundfreud,
   author = "{Sigmund Freud}",
   title = "{S}igmund {F}reud" # str-trenner # pub-wiki,
   year = "2013",
   url = "http://de.wikipedia.org/wiki/Sigmund_Freud",
   note = str-online # "15. Mai 2013"
 }
 
@misc{ wiki:citingwikipedia,
   author = "{Citing Wikipedia}",
   title = "{C}iting {W}ikipedia" # str-trenner # pub-wiki,
   year = "2012",
   url = "http://en.wikipedia.org/wiki/Wikipedia:CW",
   note = str-online # "16. Mai 2013"
 }

@misc{Ruef2011,
	author = "Marc Ruef",
	title = {10 {G}r{\"u}nde gegen {S}hort-{URL}s},
	url = "http://www.scip.ch/?labs.20111006",
	year = "2011",
	note = str-online # "02. Juli 2013",
	howpublished = {Blog-Beitrag}
}

