This file was created with JabRef 2.2.
Encoding: Cp1252

@STRING{pub-nyt = {{NYT}imes.com}}

@STRING{pub-spiegelonline = {{SPIEGEL}.{O}nline}}

@STRING{pub-wiki = {{W}ikipedia}}

@STRING{str-online = {Online; Stand }}

@STRING{str-trenner = { -- }}

@MISC{wiki:AMA,
  author = {{American Psychological Association}},
  title = {{A}merican {P}sychological {A}ssociation} # str-trenner # pub-wiki,
  year = {2011},
  note = str-online # {24. Mai 2011},
  url = {http://de.wikipedia.org/wiki/American_Psychological_Association}
}

@MISC{wiki:citingwikipedia,
  author = {{Citing Wikipedia}},
  title = {{C}iting {W}ikipedia} # str-trenner # pub-wiki,
  year = {2012},
  note = str-online # {16. Mai 2013},
  url = {http://en.wikipedia.org/wiki/Wikipedia:CW}
}

@MISC{Dowd2011,
  author = {Maureen Dowd},
  title = {Powerful and Primitive -- NYTimes.com},
  year = {2011},
  note = {[Online; 24. Mai 2011]},
  url = {http://www.nytimes.com/2011/05/18/opinion/18dowd.html}
}

@MISC{wiki:sigmundfreud,
  author = {{Sigmund Freud}},
  title = {{S}igmund {F}reud} # str-trenner # pub-wiki,
  year = {2013},
  note = str-online # {15. Mai 2013},
  url = {http://de.wikipedia.org/wiki/Sigmund_Freud}
}

